<?xml version="1.0" encoding="UTF-8"?>
<OAI-PMH xmlns="http://www.openarchives.org/OAI/2.0/" xmlns:xsi="http://www.w3.org/2001/XMLSchema-instance" xsi:schemaLocation="http://www.openarchives.org/OAI/2.0/ http://www.openarchives.org/OAI/2.0/OAI-PMH.xsd">
<ListRecords>
<record>
<header status="updated">
<identifier>urm_publish:71295953610002121</identifier>
</header>
<metadata>
<record xmlns="http://www.loc.gov/MARC21/slim" xmlns:xsi="http://www.w3.org/2001/XMLSchema-instance" xsi:schemaLocation="http://www.loc.gov/MARC21/slim http://www.loc.gov/standards/marcxml/schema/MARC21slim.xsd" ><leader>01751cam a2200397 a 4500</leader><controlfield tag="005">20140410153148.0</controlfield><controlfield tag="008">911030r19911990dcu     b    f000 0 eng d</controlfield><controlfield tag="001">999672816802121</controlfield><datafield tag="035" ind1=" " ind2=" "><subfield code="a">(OCoLC)24648696</subfield></datafield><datafield tag="035" ind1=" " ind2=" "><subfield code="9">APJ9634UW</subfield></datafield><datafield tag="035" ind1=" " ind2=" "><subfield code="a">(WU)2285641-uwmadisondb</subfield></datafield><datafield tag="040" ind1=" " ind2=" "><subfield code="a">GPO</subfield><subfield code="b">eng</subfield><subfield code="c">GPO</subfield><subfield code="d">DLC</subfield><subfield code="d">MGPO</subfield></datafield><datafield tag="043" ind1=" " ind2=" "><subfield code="a">n-us---</subfield></datafield><datafield tag="074" ind1=" " ind2=" "><subfield code="a">546-D (MF)</subfield></datafield><datafield tag="086" ind1="0" ind2=" "><subfield code="a">GA 1.13:GGD-90-96 FS</subfield></datafield><datafield tag="088" ind1=" " ind2=" "><subfield code="a">GAO/GGD-90-96 FS</subfield></datafield><datafield tag="088" ind1=" " ind2=" "><subfield code="a">B-239936</subfield></datafield><datafield tag="110" ind1="1" ind2=" "><subfield code="a">United States.</subfield><subfield code="b">General Accounting Office.</subfield><subfield code="2">LCNAMES</subfield><subfield code="0">41-LIBRARY_OF_CONGRESS-n  80126064</subfield><subfield code="9">Y</subfield></datafield><datafield tag="245" ind1="1" ind2="0"><subfield code="a">GSA airline contracts :</subfield><subfield code="b">contract awarded to Eastern Air Lines to transport government travelers : fact sheet for the Chairman, Legislation and National Security Subcommittee, Committee on Government Operations, House of Representatives /</subfield><subfield code="c">United States General Accounting Office.</subfield></datafield><datafield tag="246" ind1="3" ind2=" "><subfield code="a">Contract awarded to Eastern Air Lines to transport government travelers.</subfield></datafield><datafield tag="264" ind1=" " ind2="1"><subfield code="a">Washington, D.C. :</subfield><subfield code="b">The Office ;</subfield><subfield code="a">Gaithersburg, Md. (P.O. Box 6015, Gaithersburg 20877) :</subfield><subfield code="b">U.S. General Accounting Office [distributor],</subfield><subfield code="c">[1990]</subfield></datafield><datafield tag="300" ind1=" " ind2=" "><subfield code="a">22 pages ;</subfield><subfield code="c">28 cm</subfield></datafield><datafield tag="336" ind1=" " ind2=" "><subfield code="a">text</subfield><subfield code="b">txt</subfield><subfield code="2">rdacontent</subfield></datafield><datafield tag="337" ind1=" " ind2=" "><subfield code="a">microform</subfield><subfield code="b">h</subfield><subfield code="2">rdamedia</subfield></datafield><datafield tag="338" ind1=" " ind2=" "><subfield code="a">microfiche</subfield><subfield code="b">he</subfield><subfield code="2">rdacarrier</subfield></datafield><datafield tag="533" ind1=" " ind2=" "><subfield code="a">Microfiche.</subfield><subfield code="b">[Washington, D.C. :</subfield><subfield code="c">U.S. General Accounting Office, 1991?].</subfield><subfield code="e">1 microfiche : negative.</subfield></datafield><datafield tag="500" ind1=" " ind2=" "><subfield code="a">Cover title.</subfield></datafield><datafield tag="500" ind1=" " ind2=" "><subfield code="a">"August 1990."</subfield></datafield><datafield tag="500" ind1=" " ind2=" "><subfield code="a">"GAO/GGD-90-96FS."</subfield></datafield><datafield tag="500" ind1=" " ind2=" "><subfield code="a">"B-239936"--P. 1.</subfield></datafield><datafield tag="500" ind1=" " ind2=" "><subfield code="a">Distributed to depository libraries in microfiche.</subfield></datafield><datafield tag="610" ind1="2" ind2="0"><subfield code="a">Eastern Air Lines.</subfield><subfield code="2">LCNAMES</subfield><subfield code="0">41-LIBRARY_OF_CONGRESS-n  79114181</subfield><subfield code="9">Y</subfield></datafield><datafield tag="610" ind1="1" ind2="0"><subfield code="a">United States.</subfield><subfield code="b">Federal Supply Service</subfield><subfield code="x">Management.</subfield><subfield code="2">LCNAMES</subfield><subfield code="0">41-LIBRARY_OF_CONGRESS-n  80053151</subfield><subfield code="9">Y</subfield></datafield><datafield tag="650" ind1=" " ind2="0"><subfield code="a">Government travel</subfield><subfield code="x">Law and legislation</subfield><subfield code="z">United States.</subfield><subfield code="2">LCSH</subfield><subfield code="0">41-LIBRARY_OF_CONGRESS-sh 85140406</subfield><subfield code="9">Y</subfield></datafield><datafield tag="650" ind1=" " ind2="0"><subfield code="a">Airlines</subfield><subfield code="x">Government policy</subfield><subfield code="z">United States.</subfield><subfield code="2">LCSH</subfield><subfield code="0">41-LIBRARY_OF_CONGRESS-sh 85002650</subfield><subfield code="9">Y</subfield></datafield><datafield tag="997" ind1=" " ind2=" "><subfield code="a">MARCIVE</subfield></datafield><datafield tag="610" ind1="1" ind2="0"><subfield code="a">United States.</subfield><subfield code="b">General Services Administration.</subfield><subfield code="b">Federal Supply Service</subfield><subfield code="2">LCNAMES</subfield><subfield code="0">41-LIBRARY_OF_CONGRESS-n  80053151</subfield><subfield code="9">N</subfield></datafield><datafield tag="610" ind1="1" ind2="0"><subfield code="w">b</subfield><subfield code="a">United States.</subfield><subfield code="b">Federal Acquisition Service</subfield><subfield code="2">LCNAMES</subfield><subfield code="0">41-LIBRARY_OF_CONGRESS-n  80053151</subfield><subfield code="9">R</subfield></datafield><datafield tag="610" ind1="1" ind2="0"><subfield code="a">United States.</subfield><subfield code="b">General Services Administration.</subfield><subfield code="b">Office of Federal Supply and Services</subfield><subfield code="2">LCNAMES</subfield><subfield code="0">41-LIBRARY_OF_CONGRESS-n  80053151</subfield><subfield code="9">R</subfield></datafield><datafield tag="610" ind1="1" ind2="0"><subfield code="w">r</subfield><subfield code="i">Hierarchical superior:</subfield><subfield code="a">United States.</subfield><subfield code="b">General Services Administration</subfield><subfield code="2">LCNAMES</subfield><subfield code="0">41-LIBRARY_OF_CONGRESS-n  80053151</subfield><subfield code="9">R</subfield></datafield><datafield tag="610" ind1="2" ind2="0"><subfield code="w">nne</subfield><subfield code="a">Eastern Air Lines, inc.</subfield><subfield code="2">LCNAMES</subfield><subfield code="0">41-LIBRARY_OF_CONGRESS-n  79114181</subfield><subfield code="9">N</subfield></datafield><datafield tag="610" ind1="2" ind2="0"><subfield code="a">Eastern Airlines</subfield><subfield code="2">LCNAMES</subfield><subfield code="0">41-LIBRARY_OF_CONGRESS-n  79114181</subfield><subfield code="9">N</subfield></datafield><datafield tag="610" ind1="2" ind2="0"><subfield code="w">a</subfield><subfield code="a">Eastern Air Transport</subfield><subfield code="2">LCNAMES</subfield><subfield code="0">41-LIBRARY_OF_CONGRESS-n  79114181</subfield><subfield code="9">R</subfield></datafield><datafield tag="610" ind1="2" ind2="0"><subfield code="a">Midway Airlines</subfield><subfield code="2">LCNAMES</subfield><subfield code="0">41-LIBRARY_OF_CONGRESS-n  79114181</subfield><subfield code="9">R</subfield></datafield><datafield tag="610" ind1="2" ind2="0"><subfield code="a">North American Aviation</subfield><subfield code="2">LCNAMES</subfield><subfield code="0">41-LIBRARY_OF_CONGRESS-n  79114181</subfield><subfield code="9">R</subfield></datafield><datafield tag="110" ind1="1" ind2=" "><subfield code="a">GAO (General Accounting Office)</subfield><subfield code="2">LCNAMES</subfield><subfield code="0">41-LIBRARY_OF_CONGRESS-n  80126064</subfield><subfield code="9">N</subfield></datafield><datafield tag="110" ind1="1" ind2=" "><subfield code="a">United States.</subfield><subfield code="b">Comptroller General of the United States</subfield><subfield code="2">LCNAMES</subfield><subfield code="0">41-LIBRARY_OF_CONGRESS-n  80126064</subfield><subfield code="9">N</subfield></datafield><datafield tag="110" ind1="1" ind2=" "><subfield code="a">United States.</subfield><subfield code="b">Contraloria General</subfield><subfield code="2">LCNAMES</subfield><subfield code="0">41-LIBRARY_OF_CONGRESS-n  80126064</subfield><subfield code="9">N</subfield></datafield><datafield tag="110" ind1="1" ind2=" "><subfield code="a">United States General Accounting Office</subfield><subfield code="2">LCNAMES</subfield><subfield code="0">41-LIBRARY_OF_CONGRESS-n  80126064</subfield><subfield code="9">N</subfield></datafield><datafield tag="110" ind1="1" ind2=" "><subfield code="w">b</subfield><subfield code="a">United States.</subfield><subfield code="b">Government Accountability Office</subfield><subfield code="2">LCNAMES</subfield><subfield code="0">41-LIBRARY_OF_CONGRESS-n  80126064</subfield><subfield code="9">R</subfield></datafield><datafield tag="110" ind1="1" ind2=" "><subfield code="a">United States.</subfield><subfield code="b">Auditor for Interior Department</subfield><subfield code="2">LCNAMES</subfield><subfield code="0">41-LIBRARY_OF_CONGRESS-n  80126064</subfield><subfield code="9">R</subfield></datafield><datafield tag="110" ind1="1" ind2=" "><subfield code="a">United States.</subfield><subfield code="b">Auditor for Navy Department</subfield><subfield code="2">LCNAMES</subfield><subfield code="0">41-LIBRARY_OF_CONGRESS-n  80126064</subfield><subfield code="9">R</subfield></datafield><datafield tag="110" ind1="1" ind2=" "><subfield code="a">United States.</subfield><subfield code="b">Auditor for Post-Office Department</subfield><subfield code="2">LCNAMES</subfield><subfield code="0">41-LIBRARY_OF_CONGRESS-n  80126064</subfield><subfield code="9">R</subfield></datafield><datafield tag="110" ind1="1" ind2=" "><subfield code="a">United States.</subfield><subfield code="b">Auditor for State and Other Departments</subfield><subfield code="2">LCNAMES</subfield><subfield code="0">41-LIBRARY_OF_CONGRESS-n  80126064</subfield><subfield code="9">R</subfield></datafield><datafield tag="110" ind1="1" ind2=" "><subfield code="a">United States.</subfield><subfield code="b">Auditor for Treasury Department</subfield><subfield code="2">LCNAMES</subfield><subfield code="0">41-LIBRARY_OF_CONGRESS-n  80126064</subfield><subfield code="9">R</subfield></datafield><datafield tag="110" ind1="1" ind2=" "><subfield code="a">United States.</subfield><subfield code="b">Auditor for War Department</subfield><subfield code="2">LCNAMES</subfield><subfield code="0">41-LIBRARY_OF_CONGRESS-n  80126064</subfield><subfield code="9">R</subfield></datafield><datafield tag="110" ind1="1" ind2=" "><subfield code="a">United States.</subfield><subfield code="b">Comptroller of the Treasury</subfield><subfield code="2">LCNAMES</subfield><subfield code="0">41-LIBRARY_OF_CONGRESS-n  80126064</subfield><subfield code="9">R</subfield></datafield><datafield tag="650" ind1=" " ind2="0"><subfield code="a">Air carriers</subfield><subfield code="2">LCSH</subfield><subfield code="0">41-LIBRARY_OF_CONGRESS-sh 85002650</subfield><subfield code="9">N</subfield></datafield><datafield tag="650" ind1=" " ind2="0"><subfield code="w">nne</subfield><subfield code="a">Air lines</subfield><subfield code="2">LCSH</subfield><subfield code="0">41-LIBRARY_OF_CONGRESS-sh 85002650</subfield><subfield code="9">N</subfield></datafield><datafield tag="650" ind1=" " ind2="0"><subfield code="a">Air transportation industry</subfield><subfield code="2">LCSH</subfield><subfield code="0">41-LIBRARY_OF_CONGRESS-sh 85002650</subfield><subfield code="9">N</subfield></datafield><datafield tag="650" ind1=" " ind2="0"><subfield code="a">Airline industry</subfield><subfield code="2">LCSH</subfield><subfield code="0">41-LIBRARY_OF_CONGRESS-sh 85002650</subfield><subfield code="9">N</subfield></datafield><datafield tag="650" ind1=" " ind2="0"><subfield code="a">Aviation industry</subfield><subfield code="2">LCSH</subfield><subfield code="0">41-LIBRARY_OF_CONGRESS-sh 85002650</subfield><subfield code="9">N</subfield></datafield><datafield tag="650" ind1=" " ind2="0"><subfield code="a">Scheduled airlines</subfield><subfield code="2">LCSH</subfield><subfield code="0">41-LIBRARY_OF_CONGRESS-sh 85002650</subfield><subfield code="9">N</subfield></datafield><datafield tag="650" ind1=" " ind2="0"><subfield code="w">g</subfield><subfield code="a">Aeronautics, Commercial</subfield><subfield code="2">LCSH</subfield><subfield code="0">41-LIBRARY_OF_CONGRESS-sh 85002650</subfield><subfield code="9">R</subfield></datafield><datafield tag="650" ind1=" " ind2="0"><subfield code="a">Airways</subfield><subfield code="2">LCSH</subfield><subfield code="0">41-LIBRARY_OF_CONGRESS-sh 85002650</subfield><subfield code="9">R</subfield></datafield><datafield tag="INST" ind1=" " ind2=" "><subfield code="a">01UWI_NETWORK</subfield><subfield code="b">P</subfield><subfield code="c">71295953610002121</subfield></datafield><datafield tag="INST" ind1=" " ind2=" "><subfield code="a">01UWI_MAD</subfield><subfield code="b">P</subfield><subfield code="c">21555057480002122</subfield></datafield><datafield tag="AVA" ind1=" " ind2=" "><subfield code="0">9922856413602122</subfield><subfield code="8">22555057460002122</subfield><subfield code="a">01UWI_MAD</subfield><subfield code="b">LAW</subfield><subfield code="c">Microforms</subfield><subfield code="d">GA 1.13: GGD-90-96 FS</subfield><subfield code="e">check_holdings</subfield><subfield code="j">mic</subfield><subfield code="k">3</subfield><subfield code="p">1</subfield><subfield code="q">Law Library</subfield></datafield><datafield tag="AVA" ind1=" " ind2=" "><subfield code="0">9922856413602122</subfield><subfield code="8">22555057470002122</subfield><subfield code="a">01UWI_MAD</subfield><subfield code="b">WHSLIBRARY</subfield><subfield code="c">Government Document Microforms</subfield><subfield code="d">GA 1.13: GGD-90-96 FS</subfield><subfield code="e">check_holdings</subfield><subfield code="j">govmic</subfield><subfield code="k">3</subfield><subfield code="p">2</subfield><subfield code="q">Wisconsin Historical Society Library</subfield></datafield><datafield tag="MMS" ind1=" " ind2=" "><subfield code="b">999672816802121</subfield><subfield code="a">01UWI_NETWORK</subfield></datafield><datafield tag="MMS" ind1=" " ind2=" "><subfield code="b">9922856413602122</subfield><subfield code="a">01UWI_MAD</subfield></datafield></record>
</metadata>
</record>
</ListRecords>
</OAI-PMH>